<?xml version="1.0" encoding="UTF-8"?><record xmlns="http://www.loc.gov/MARC21/slim" xmlns:cinclude="http://apache.org/cocoon/include/1.0" xmlns:zs="http://www.loc.gov/zing/srw/">
  <leader>00876cz  a2200205n  4500</leader>
  <controlfield tag="001">n  98920482 </controlfield>
  <controlfield tag="003">DLC</controlfield>
  <controlfield tag="005">20020403053155.0</controlfield>
  <controlfield tag="008">980122n| acannaabn          |a aaa      </controlfield>
  <datafield tag="010" ind1=" " ind2=" ">
    <subfield code="a">n  98920482 </subfield>
  </datafield>
  <datafield tag="035" ind1=" " ind2=" ">
    <subfield code="a">(OCoLC)oca04695748</subfield>
  </datafield>
  <datafield tag="040" ind1=" " ind2=" ">
    <subfield code="a">DLC</subfield>
    <subfield code="b">eng</subfield>
    <subfield code="c">DLC</subfield>
    <subfield code="d">DLC</subfield>
    <subfield code="d">OCoLC</subfield>
  </datafield>
  <datafield tag="053" ind1=" " ind2="0">
    <subfield code="a">PK1828.P59</subfield>
  </datafield>
  <datafield tag="100" ind1="1" ind2=" ">
    <subfield code="a">Pīyūsha, Rāmeśvara Prasāda Sinhā,</subfield>
    <subfield code="d">1946-</subfield>
  </datafield>
  <datafield tag="400" ind1="0" ind2=" ">
    <subfield code="a">Rāmeśvara Prasāda Sinhā "Pīyūsha",</subfield>
    <subfield code="d">1946-</subfield>
  </datafield>
  <datafield tag="400" ind1="1" ind2=" ">
    <subfield code="a">Sinhā, Rāmeśvara Prasāda,</subfield>
    <subfield code="d">1946-</subfield>
  </datafield>
  <datafield tag="400" ind1="1" ind2=" ">
    <subfield code="a">Piyus, Rameshwar Prasad Sinha,</subfield>
    <subfield code="d">1946-</subfield>
  </datafield>
  <datafield tag="400" ind1="1" ind2=" ">
    <subfield code="a">Sinha, Rameshwar Prasad,</subfield>
    <subfield code="d">1946-</subfield>
  </datafield>
  <datafield tag="400" ind1="0" ind2=" ">
    <subfield code="a">Rameshwar Prasad Sinha "Piyus",</subfield>
    <subfield code="d">1946-</subfield>
  </datafield>
  <datafield tag="670" ind1=" " ind2=" ">
    <subfield code="a">Reta ke parachām̐hiṃ, 1995:</subfield>
    <subfield code="b">t.p. (Rāmesvara Prasāda Sinhā "Pīyūsha") t.p. verso (Rameshwar Prasad Sinha "Piyus") cover, p. 4 (M.A., dip. in teaching; teacher, Nehru Memorial High School, Buxar; b. 03/02/1946)</subfield>
  </datafield>
</record>